%%%% Guide til bibtex og litteratur.bib %%%%

% Alle kilder angives efter Harvard-metoden og vil i rapporten fremstaa med [FORFATTER, AAR] eller mere praecist [EFTERNAVN, AAR].

% Nederst findes eksempler paa kildeangivelser af typerne book, article, manual techreport og misc.
	% - Book bruges ved helt almindelige boeger
	% - Article bruges ved artikler og udgivelser
	% - Manual bruges ved henvisninger fra internettet, idet \url-funktionen findes her
	% - Techreport kan bruges ved mindre udgivelser, hvor kun titel, forfatter og aar er noedvendig eller tilgaengelig
	% - Misc kan bruges ved det, der falder udenfor de andre kategorier - interview, forelaesninger, foredrag osv. 

% Hvis der er flere forfattere paa en kilde, SKAL de listes med 'and' imellem dem - ogsaa ved 3 og derover (f.eks. FORFATTER 1 and FORFATTER 2 and FORFATTER 3). Naar kildelisten bygges i rapporten, vil der ved 2 forfattere komme til at staa [EFTERNAVN 1 og EFTERNAVN 2, AAR] og ved 3 forfattere og derover komme til at staa [EFTERNAVN 1 et. al, AAR]. 

% Ved almindelige forfatternavne skal der vaere ét saet tuborg-parenteser ved Author (f.eks. author = {H. C. Andersen}). Ved andre navne (f.eks. virksomheder, hjemmesider, grupper, raad, naevn osv.) skal der vaere 2 saet tuborg-parenteser ved Author (f.eks. author = {{Dansk Standard}}). Begrundelse: Med 2 saet tuborg-parenteser skrives hele parentesen ud som forfatter, [Dansk Standard, AAR]. Alternativt ville der i eksemplet bare komme til at staa [Standard, AAR].

%-----------------------------------------------------%

@book{book:Moeslund,
abstract = {Using minimal mathematics, this book reviews core concepts and methods of image processing and video processing, focusing on methods for designing and implementing real image data processiong systems. Coverage ranges from image acquisition to visual effects.},
author = {Moeslund, Thomas B},
address = {London},
booktitle = {Introduction to Video and Image Processing},
isbn = {1447125029},
keywords = {Computer science ; Computer vision ; Digital techniques ; Image processing ; Multimedia systems ; Video compression},
language = {eng},
publisher = {Springer London, Limited},
series = {Undergraduate topics in computer science},
title = {Introduction to Video and Image Processing: Building Real Systems and Applications},
year = {2012},
}

@misc{Lossless49:online, 
title={Lossless Data Compression}, 
url={https://cs.stanford.edu/people/eroberts/courses/soco/projects/data-compression/lossless/index.htm}, 
year={2020},
author={Stanford University, CS}
}

@misc{LossyDat32:online,
author = {Stanford University, CS},
title = {Lossy Data Compression},
url = {https://cs.stanford.edu/people/eroberts/courses/soco/projects/data-compression/lossy/index.htm},
month = {},
year = {2020},
urldate = {2022-03-03}
}

%%%% EKSEMPLER (book, article, manual, techreport og misc) %%%%

@book{fysikbog,
	title = {Physics for Scientists and Engineers, 7th edition},
	author = {John W. Jewett and Raymond A. Serway},
	year = {2008},
	number = {ISBN: 0-495-11240-2},
	series = {Paperback},
	publisher = {Thomson Learning}
}

@article{maalere,
	author = {Lars Gullev and Michael Poulsen},
	title = {The installation of meters leads to permanent changes in consumer behaviour},
	journal = {News from DBDH},
	volume = {Journal 3/2006},
	pages = {s. 20-24},
	year = {2006}
}

@manual{renostra,
	author ={{Klima-, Energi- og Bygningsministeriet}},
	title ={Strategi for energirenovering af bygninger},
	address={\url{http://www.ens.dk/info/publikationer/strategi-energirenovering-bygninger}},
	year ={2014},
	note ={Downloadet: 23-02-2015}
}

@techreport{rcf,
	author = {Bent Flyvbjerg},	
	title = {Reference class forecasting: Ide, metode og anvendelse},
	year = {2007}
}

@misc{videnskabsteori,
	author = {Victor Hansen},
	howpublished = {Forårssemesteret},
	title = {Forelæsning i Videnskabsteori},
	year = {2014}	
}

@misc{cd,
	author ={Bilags-CD},
	title ={CD med bilag tilhørende B131}	
}

manual{ ,
	author ={{}},
	title ={},
	address={\url{}},
	year ={},
	note ={Downloadet: }
}

@misc{test,
    author = {},
    title = {},
    howpublished = {\url{}},
    month = {},
    year = {},
    note = {(Visited: )}
}
%Vores Kilder ---------------------------------------------

%Bibtex reference hvis de er der elles inddel i følgende:
%article Artikler
%Book bog
%Manual: spec sheet
%misc webpage


@article{arp1,
author = {Vilgelm, Mikhail and Schiessl, Sebastian and Al-Zubaidy, Hussein and Kellerer, Wolfgang and Gross, James},
year = {2017},
month = {12},
title = {On the Reliability of LTE Random Access: Performance Bounds for Machine-to-Machine Burst Resolution Time}
}

@article{arp2,
author = {Madueno, German and Nielsen, Jimmy and Kim, Dong Min and Pratas, Nuno and Stefanović, Čedomir and Popovski, Petar},
year = {2015},
month = {08},
title = {Assessment of LTE Wireless Access for Monitoring of Energy Distribution in the Smart Grid},
journal = {IEEE Journal on Selected Areas in Communications},
doi = {10.1109/JSAC.2016.2525639}
}

@inproceedings{MitM1,
    author = {Rupprecht, David and Kohls, Katharina and Holz, Thorsten and P\"{o}pper, Christina},
    title = {Breaking {LTE} on Layer Two},
    booktitle = {IEEE Symposium on Security \& Privacy (SP)},
    year = {2019},
    month = may,
    publisher = {IEEE}
}

@INPROCEEDINGS{MitM2,  
author={Piqueras Jover, Roger},  
booktitle={2013 16th International Symposium on Wireless Personal Multimedia Communications (WPMC)},   
title={Security attacks against the availability of LTE mobility networks: Overview and research directions},   
year={2013},  
pages={1-9}
}

@inproceedings{KPA1,
    author = {Rupprecht, David and Kohls, Katharina and Holz, Thorsten and P\"{o}pper, Christina},
    title = {{Call Me Maybe: Eaves dropping Encrypted LTE Calls With ReVoLTE}},
    booktitle = {{USENIX Security Symposium (SSYM)}},
    year = {2020},
    month = aug,
    publisher = {USENIX Association}
}

@manual{3gpp_LTE,
	author ={{LTE}},
	title ={Magdalena Nohrborg},
	address={\url{https://www.3gpp.org/technologies/keywords-acronyms/98-lte}},
	year ={2021},
	note ={Viewed 16-11-2021}
}

@manual{UE_archi,
	author ={{Software Radio Systems}},
	title ={UE Architecture},
	address={\url{https://docs.srsran.com/en/latest/usermanuals/source/srsue/source/1_ue_intro.htm}},
	year ={2021},
	note ={Downloadet: 12-11-2021}
}

@manual{srsue_intro,
	author ={{Software Radio Systems}},
	title ={srsUE},
	address={\url{https://docs.srsran.com/en/latest/usermanuals/source/srsue/source/1_ue_intro.html#ue-intro}},
	year ={2021},
	note ={Downloadet: 12-11-2021}
}

@manual{usrp_b210_kit,
	author ={{Ettus Research}},
	title ={USRP-B210-kit},
	address={\url{https://www.ettus.com/all-products/usrp-b200-enclosure/}},
	year ={2021},
	note ={Downloadet: 15-11-2021}
}

@manual{srsran,
	author ={{srsRAN}},
	title ={srsRAN},
	address={\url{https://www.https://www.srsran.com//}},
	year ={2021},
	note ={Downloadet: 15-11-2021}
}

@manual{usrp_b210_kit_hardware,
	author ={{Ettus Research}},
	title ={USRP B210 board},
	address={\url{https://www.ettus.com/all-products/UB210-KIT/}},
	year ={2021},
	note ={Downloadet: 15-11-2021}
}

@manual{3gpp,
	author ={{3GPP}},
	title ={ETSI TS 136 331},
	address={\url{https://www.etsi.org/deliver/etsi_ts/136300_136399/136331/14.16.00_60/ts_136331v141600p.pdf}},
	year ={2021},
	note ={Downloadet: 16-11-2021}
}

@misc{3GPP_overview, 
title={The Evolved Packet Core}, url={https://www.3gpp.org/technologies/keywords-acronyms/100-the-evolved-packet-core}, 
journal={3GPP}, 
author={Firmin, Frédéric}
}

@misc{tutorialspoint, 
title={LTE Network Architecture}, 
url={https://www.tutorialspoint.com/lte/lte_network_architecture.htm}, 
journal={tutorialspoint},
author={tutorialspoint}
}

@misc{rcr, 
title={LTE MMEA Core Connector for LTE},
url={https://www.rcrwireless.com/20140509/diameter-signaling-controller-dsc/lte-mme-epc}, 
journal={RCR Wireless News}, 
author={RCR Wireless News}, 
year={2014}, 
month={May}
}

@book{LTEch,
author = {Rumney, Moray},
address = {Chichester, West Sussex, U.K},
booktitle = {LTE and the evolution to 4G wireless},
edition = {2nd ed.},
isbn = {1119962579},
keywords = {Wireless communication systems ; Wireless Internet},
language = {eng},
organization = {Books24x7, Inc},
publisher = {John Wiley and Sons},
title = {LTE and the evolution to 4G wireless: design and measurement challenges, second edition},
year = {2013},
}


@misc{tutorialspointch, 
title={LTE Protocol Stack Layers}, 
url={https://www.tutorialspoint.com/lte/lte_protocol_stack_layers.htm}, 
journal={tutorialspoint},
author={tutorialspoint}
}

 @misc{owasp_fuz, 
 title={Fuzzing}, 
 url={https://owasp.org/www-community/Fuzzing}, 
 journal={OWASP}, 
 author={OWASP, hblankenship}, 
 editor={kingthorin and dracan and CRImier and justanothernate and KissPeter and fmeum and nk2164 and davewichers and shiv-tyagi Editors}, 
 year={2020}, 
 month={Jan}
 } 
 
@inproceedings{kaist,
title={{Touching the Untouchables: Dynamic Security Analysis of the LTE Control Plane}},
author={Kim, Hongil and Lee, Jiho and Lee Eunkyu and Kim, Yongdae},
booktitle = {{Proceedings of the IEEE Symposium on Security \& Privacy (SP)}},
year = {2019},
month = may,
publisher = {IEEE}
}

@ARTICLE{Publications,
author={Liang, Hongliang and Pei, Xiaoxiao and Jia, Xiaodong and Shen, Wuwei and Zhang, Jian},
journal={IEEE Transactions on Reliability},
title={Fuzzing: State of the Art},
year={2018},
volume={67},
number={3},
pages={1199-1218},
doi={10.1109/TR.2018.2834476}
}

@misc{itu, 
title={Introduction to ASN.1}, 
url={https://www.itu.int/en/ITU-T/asn1/Pages/introduction.aspx}, 
author={ITU}, 
journal = {ITU}
} 

@misc{ITUslide, 
title={ASN.1: A Powerful Schema Notation for XML and Fast Web Services}, 
url={https://www.itu.int/en/ITU-T/asn1/Documents/ASN1-XML-FastWebServices.pdf}, 
journal={ITU}, 
author={Dubuisson, Olivier}, 
year={2004}, 
month={Apr}
}

@misc{opentap,
title={overview}, 
url={https://doc.opentap.io/User\%20Guide/Introduction}, 
journal={OpenTAP}, 
author={OpenTAP}
} 


@manual{cpu_scaling,
	author ={{OSTechNix}},
	title ={Automatically Optimize CPU Speed And Power With Auto-cpufreq In Linux},
	url={https://www.thinkwiki.org/wiki/How_to_use_cpufrequtils},
	year ={2020},
	note ={Downloadet: 20-12-2021}
}

@manual{srsran_cpu_scaling,
	author ={{SRSRAN}},
	title ={Peak Throughput},
	url={https://docs.srsran.com/en/latest/usermanuals/source/srsenb/source/3_enb_trouble.html},
	year ={2021},
	note ={Downloadet: 20-12-2021}
}

@misc{gsa, 
title={LTE and 5G subscribers: March 2021 - Q4}, 
url={https://gsacom.com/paper/lte-and-5g-subscribers-march-2021-q4/}, 
journal={GSA}, 
author={GSA}, 
year={2021}, 
month={Mar}
} 

@misc{NYTT, 
title={The Security of Cellular Connections}, 
url={https://www.nytimes.com/2018/08/10/technology/personaltech/security-wifi-lte-data.html}, 
journal={NYTimes}, 
author={J. D. Bierdorfer}, 
year={2018}, 
month={aug}
} 


@manual{3gpp_main_site,
	author ={{3GPP}},
	title ={3GPP The mobile broadband standard},
	url={https://www.3gpp.org/},
	year ={2021},
	note ={Downloadet: 20-12-2021}
}

@manual{srsran_srslte,
	author ={{SRSRAN}},
	title ={The srsLTE project is evolving},
	url={https://www.srslte.com/srslte-srsran},
	year ={2021},
	note ={Downloadet: 20-12-2021}
}

@misc{telekom, 
title={LTE: How does it work? What can it do? Where is it available?}, 
url={https://www.telekom.com/en/company/details/the-nine-most-important-facts-about-lte-606446}, 
journal={Telekom}, 
author={Telekom}, 
year={2020}
}

@misc{forallsecure, 
title={Your Ultimate Guide to Fuzz Testing}, 
url={https://forallsecure.com/resources/ultimate-guide-to-fuzz-testing}, 
journal={ForAllSecure}, 
author={ForAllSecure}
}

@manual{cause,
	author ={{3GPP}},
	title ={3GPP TS 24.301},
	address={\url{https://www.arib.or.jp/english/html/overview/doc/STD-T63V12_10/5_Appendix/Rel13/24/24301-d61.pdf}},
	year ={2021},
	note ={Downloadet: 21-12-2021}
}

@misc{kp, 
title={RRC connection request}, 
url={http://howltestuffworks.blogspot.com/2011/10/rrc-connection-request.html}, 
journal={LTE}, 
author={KP}
} 

@misc{prodevelopertutorial_2020, 
title={LTE RRC: RRC Connection Establishment procedure}, 
url={https://www.prodevelopertutorial.com/lte-rrc-rrc-connection-establishment-procedure/}, 
journal={ProDeveloperTutorial.com}, 
author={Prodevelopertutorial}, 
year={2020}, 
month={May}
} 

@misc{PLISO, 
title={What is ISO? The Complete Guide for Beginners}, 
url={https://photographylife.com/what-is-iso-in-photography}, 
year={2019},
author={Nasim Mansurov}
}

@misc{NikonISO, 
title={ISO Control}, 
url={https://www.nikonusa.com/en/learn-and-explore/a/products-and-innovation/iso-control.html}, 
year={2011},
author={Nikon}
}

@misc{PLShutter, 
title={Introduction to Shutter Speed in Photography}, 
url={https://photographylife.com/what-is-shutter-speed-in-photography}, 
year={2021},
author={Nasim Mansurov}
}

@misc{AdobeShutter, 
title={Understanding shutter speed, both slow and fast.}, 
url={https://www.adobe.com/creativecloud/photography/discover/shutter-speed.html.}, 
year={2022},
author={Adobe}
}